/Users/cjm/cvs/bbop-papers/RefDB/cjm-library.bib